<?xml version="1.0" encoding="UTF-8"?><collection xmlns="http://www.loc.gov/MARC21/slim"><record><leader>00656nam--2200205-i-4500</leader><controlfield tag="001">000018410</controlfield><controlfield tag="002">20161230</controlfield><controlfield tag="005">20161230201032</controlfield><controlfield tag="008">060222s1000------------r-----000-0-rus-d</controlfield><datafield ind1=" " ind2=" " tag="040"><subfield code="a">IFIN-HH</subfield></datafield><datafield ind1=" " ind2=" " tag="041"><subfield code="a">rus</subfield></datafield><datafield ind1=" " ind2=" " tag="080"><subfield code="a">577.3:539.12.04:612.014.481</subfield></datafield><datafield ind1="1" ind2=" " tag="100"><subfield code="a">Kircher, John F</subfield></datafield><datafield ind1="1" ind2="0" tag="245"><subfield code="a">Vliianie oblucenia na materiali i elementi elektronnih shem</subfield><subfield code="c">John f. kirher, richard e. bowman (eds.)</subfield></datafield><datafield ind1=" " ind2=" " tag="260"><subfield code="a">Moskva</subfield><subfield code="b">Atomizdat</subfield><subfield code="c">1967</subfield></datafield><datafield ind1=" " ind2=" " tag="300"><subfield code="a">427P</subfield></datafield><datafield ind1=" " ind2=" " tag="500"><subfield code="a">Titlul Original In Limba Engleza: Effects Of Radiation On Materials And Components</subfield></datafield><datafield ind1=" " ind2=" " tag="700"><subfield code="a">Bowman, Richard E</subfield><subfield code="e">Ed</subfield></datafield><datafield ind1=" " ind2=" " tag="852"><subfield code="a">28172</subfield><subfield code="c">539.12.04</subfield></datafield><datafield ind1=" " ind2=" " tag="CAT"><subfield code="a">Sys</subfield><subfield code="c">20120206</subfield><subfield code="h">162550</subfield></datafield></record></collection>